@article{L2CSNet2022,
    author    = {Ahmed A. Abdelrahman and Thorsten Hempel and Aly Khalifa and Ayoub Al-Hamadi},
    title     = {{L2CS-Net: Fine-Grained Gaze Estimation in Unconstrained Environments}},
    journal   = {arXiv preprint arXiv:2203.03339},
    year      = {2022},
    eprint    = {2203.03339},
    archiveprefix = {arXiv},
    primaryclass = {cs.CV}
}

@article{Redmon_YOLO_2016,
    author    = {Joseph Redmon and Santosh Divvala and Ross Girshick and Ali Farhadi},
    title     = {{You Only Look Once: Unified, Real-Time Object Detection}},
    journal   = {Proceedings of the IEEE Conference on Computer Vision and Pattern Recognition (CVPR)},
    year      = {2016},
    pages     = {779-788}
}

@article{Jocher_YOLOv5_2020,
    author    = {Glenn Jocher and Alex Stoken and Jirka Borovec and others},
    title     = {{YOLOv5 by Ultralytics}},
    year      = {2020},
    publisher = {GitHub},
    journal   = {GitHub repository},
    howpublished = {\url{https://github.com/ultralytics/yolov5}}
}

@techreport{Wang_YOLOv9_2024,
    author       = {Chien-Yao Wang and I-Hau Yeh and Hong-Yuan Mark Liao},
    title        = {{YOLOv9: Learning What You Want to Learn Using Programmable Gradient Information}},
    institution  = {arXiv},
    year         = {2024},
    number       = {arXiv:2402.13616},
    howpublished = {\url{https://arxiv.org/abs/2402.13616}}
}

@article{ultralytics_yolov8_2023,
    author       = {Ultralytics},
    title        = {{YOLOv8}},
    year         = {2023},
    publisher    = {GitHub},
    journal      = {GitHub repository},
    howpublished = {\url{https://github.com/ultralytics/ultralytics}}
}

@article{Cheng_GazeSurvey_2021,
    author    = {Wen-Huang Cheng and Chu-Song Chen and Hwann-Tzong Chen and Shang-Hong Lai},
    title     = {{A Survey of Appearance-Based Gaze Estimation}},
    journal   = {IEEE Transactions on Pattern Analysis and Machine Intelligence},
    volume    = {43},
    number    = {2},
    year      = {2021},
    pages     = {595-614},
    doi       = {10.1109/TPAMI.2019.2936618}
}

@article{Kothari_GazeReviewDL_2024,
    author    = {Rakshit Kothari and Jishnu Saini and Brejesh Lall},
    title     = {{Appearance-Based Gaze Estimation With Deep Learning: A Review and Benchmark}},
    journal   = {IEEE Transactions on Pattern Analysis and Machine Intelligence},
    year      = {2024},
    volume    = {46},
    number    = {12},
    pages     = {10145-10165},
    doi       = {10.1109/TPAMI.2024.3403905}
}

@article{DiSalvo_YOLOSurvey_2021,
    author    = {Michael Di Salvo and Faisal Z. Qureshi},
    title     = {{A Survey of Deep Learning-Based Object Detection with a Focus on YOLO Variants}},
    journal   = {ACM Computing Surveys (CSUR)},
    volume    = {54},
    number    = {10s},
    year      = {2021},
    pages     = {1--41},
    doi       = {10.1145/3478900}
}

@article{Terven_YOLOSurvey_2023,
    author    = {Juan Terven and Diana Cordova-Esparza},
    title     = {{A Comprehensive Review of YOLO: From YOLOv1 to YOLOv8 and Beyond}},
    journal   = {arXiv preprint arXiv:2304.00501},
    year      = {2023},
    eprint    = {2304.00501},
    archiveprefix = {arXiv},
    primaryclass = {cs.CV}
}

@article{Sharma_AttentionClassroom_2023,
    author    = {Nitin Sharma and Ravinder Ahuja and S. V. Viraktamath},
    title     = {{A computer vision-based perceived attention monitoring technique for smart teaching}},
    journal   = {Multimedia Tools and Applications},
    volume    = {82},
    number    = {10},
    year      = {2023}, 
    pages     = {14661--14687},
    doi       = {10.1007/s11042-022-13681-y}
}

@inproceedings{Lai_ReadingCompanion_2017,
  author    = {Chien-Ming Lai and Chih-Hung Lin and Yu-Chun Wang and Wen-Huang Cheng and Yung-Hui Li and Shin'ichi Satoh},
  title     = {{Reading companion: A real-time attentive reading behavior monitoring system}},
  booktitle = {2017 IEEE International Conference on Multimedia and Expo (ICME)},
  year      = {2017},
  pages     = {991--996},
  doi       = {10.1109/ICME.2017.8019456}
}

@article{Albu_AttentionLearning_2023,
    author    = {Ana-Maria Albu and Radu Tudor Ionescu and Nicu Sebe},
    title     = {{A Survey on Engagement Level Estimation using Deep Learning}},
    journal   = {ACM Computing Surveys},
    volume    = {56},
    number    = {1},
    year      = {2023},
    pages     = {1--37},
    doi       = {10.1145/3594720}
}

@article{Zhang_MultimodalAttention_2023,
    author    = {Jianing Zhang and Chenyi Liu and Jingwen Wang and Shiyan Jiang and Weiqing Wang},
    title     = {{Multimodal Information Fusion for Student Attention Recognition in Online Learning Environments}},
    journal   = {Applied Sciences},
    volume    = {13},
    number    = {3},
    year      = {2023},
    pages     = {1847},
    doi       = {10.3390/app13031847}
}

@article{Guo_StudentAttentionSurvey_2023,
    author    = {Ruinskiy Guo and Jingang Shi and Heng Tao Shen},
    title     = {{A Survey of Student Attention Recognition Based on Computer Vision}},
    journal   = {Electronics},
    volume    = {12},
    number    = {15},
    year      = {2023},
    pages     = {3332},
    doi       = {10.3390/electronics12153332}
}

@article{Zhu_GazeObjectFocus_2023,
    author    = {Yifei Zhu and Lijun Wang and Huchuan Lu},
    title     = {{Learning to Localize an Object Prompted by Gaze}},
    journal   = {arXiv preprint arXiv:2303.12983},
    year      = {2023},
    eprint    = {2303.12983},
    archiveprefix = {arXiv},
    primaryclass = {cs.CV}
}

@inproceedings{Kar_AttentiveLearner_2022,
    author    = {Debarghya Kar and Survi Kyal and Anirban Dasgupta and Pradeep K. Atrey},
    title     = {{AttentiveLearner: An Attention-based Deep Neural Network for Learning Analytics}},
    booktitle = {Proceedings of the 2022 International Conference on Multimodal Interaction (ICMI '22)},
    year      = {2022},
    pages     = {321--329},
    doi       = {10.1145/3536221.3556605}
}

@article{Li_LightweightGaze_2023,
    author    = {Jian Li and Haoyu Ma and Kun Li and Dan Li},
    title     = {{Lightweight Gaze Estimation via Feature Decoupling and Multi-Stream Fusion}},
    journal   = {Sensors},
    volume    = {23},
    number    = {12},
    year      = {2023},
    pages     = {5644},
    doi       = {10.3390/s23125644}
}

@inproceedings{Deci_YOLONAS_2023,
    author    = {{Deci AI}},
    title     = {{YOLO-NAS: Next-Generation YOLO for Object Detection}},
    year      = {2023},
    howpublished = {Deci AI Blog. \url{https://deci.ai/blog/yolo-nas-object-detection-foundation-model/}}
}

@article{Li_StudentEngagementOnline_2023,
    author    = {Yuan Li and Xiaokun Zhang and Yuting Hu and Jialin Liu},
    title     = {{Automatic Detection of Student Engagement in Online Learning Based on Multimodal Information Fusion and Spatiotemporal Features}},
    journal   = {Behavioral Sciences},
    volume    = {13},
    number    = {11},
    pages     = {914},
    year      = {2023},
    doi       = {10.3390/bs13110914}
}

@article{Gupta_EthicalAIEd_2024,
    author    = {Ruchi Gupta and Pradeep Kumar and Surbhi Bhatia},
    title     = {{Ethical considerations of Artificial Intelligence in education: A systematic literature review}},
    journal   = {Education and Information Technologies},
    year      = {2024},
    doi       = {10.1007/s10639-024-12598-y},
    publisher = {Springer}
}

@article{Huang_GazeEstimationTransformer_2023,
    author    = {Yihua Huang and Xiaohua Huang and Beiwen Tian and Pu Ge and Yanfeng Wang},
    title     = {{GazeTR: Gaze Estimation with Transformer}},
    journal   = {arXiv preprint arXiv:2305.09637},
    year      = {2023},
    eprint    = {2305.09637},
    archiveprefix = {arXiv},
    primaryclass = {cs.CV}
}

@article{Ahmad_BookDetection_2023,
    author    = {Ijaz Ahmad and Muhammad Attique Khan and Musarrat Hussain and Usman Tariq and Ye Jin Kim and Byung-Gyu Kim},
    title     = {{An Efficient Framework for Book Detection and Recognition Using Deep Learning}},
    journal   = {Computers, Materials \& Continua},
    volume    = {74},
    number    = {2},
    year      = {2023},
    pages     = {4207--4222},
    doi       = {10.32604/cmc.2023.033710}
}

@article{Bao_GazeReadingComprehension_2023,
    author    = {Jiakun Bao and Guozhen Zhao and Min Zhang},
    title     = {{Gaze-enhanced Graph Neural Networks for Reading Comprehension}},
    journal   = {Findings of the Association for Computational Linguistics: EMNLP 2023},
    year      = {2023},
    pages     = {5187--5198},
    publisher = {Association for Computational Linguistics},
    url       = {https://aclanthology.org/2023.findings-emnlp.345}
}

@article{Yang_LightweightObjectDetection_2024,
    author    = {Fan Yang and Zhaowen Wang and Jiawei Liu and Yao Rong and Licheng Jiao},
    title     = {{A Survey on Lightweight Object Detection: Progress, Challenges, and Prospects}},
    journal   = {ACM Computing Surveys},
    year      = {2024},
    doi       = {10.1145/3656024} 
}

@article{Ghosh_CognitiveLoadReading_2022,
    author    = {Sayan Ghosh and Yash Kumar Lal and Seema M. L.},
    title     = {{Cognitive Load Estimation using Eye Gaze and EEG during Reading}},
    journal   = {Proceedings of the 14th International Conference on Agents and Artificial Intelligence (ICAART 2022)},
    volume    = {2},
    year      = {2022},
    pages     = {541-548},
    doi       = {10.5220/0010847800003116}
}

@article{article,
author = {Eisensmith, Sarah and Deck, Premela and Jenkins, Melissa and Britt, April and Kainz, Kirsten and Ansong, David},
year = {2022},
month = {11},
pages = {},
title = {Attending to Attention: A Systematic Review of Attention and Reading},
volume = {7},
journal = {International Journal of School Social Work},
doi = {10.4148/2161-4148.1064}
}

@software{Roboflow2024,
  author       = {Dwyer, Brad and Nelson, Jacob and Hansen, Thomas and others},
  title        = {Roboflow},
  version      = {1.0}, % Or the version current at the time of your use
  year         = {2024}, % Or the year you extensively used it / accessed data
  publisher    = {Roboflow},
  url          = {https://roboflow.com}
}

% If you used the Roboflow 100 Benchmark, for example:
@misc{rf100benchmark,
    author       = {Floriana Ciaglia and Francesco Saverio Zuppichini and Paul Guerrie and Mark McQuade and Jacob Solawetz},
    title        = {Roboflow 100: A Rich, Multi-Domain Object Detection Benchmark},
    year         = {2022},
    eprint       = {arXiv:2211.13523},
    howpublished = {\url{https://arxiv.org/abs/2211.13523}}
}